
@MISC{Schmelz,
  author =       {Thomas Schmelzer},
  title =        {{The Rice SIAM Chapter 50-Digit Challenge: Appendix}},
  pages =        {18--20},
  year =         {2005},
  note =         {{\tt http://maitre.physik.uni-kl.de/\verb+~+schmelzer/Digit50Internet.pdf}},
}

@Book{Hen,
  author =       "Peter Henrici",
  title =        {{Applied and Computational Complex Analysis. {V}ol. 3}},
  publisher =    "Wiley",
  address =      "New York",
  year =         "1986",
  pages =        "xvi+637",
  ISBN =         "0-471-08703-3",
}

@Book{Hen1,
  author =       "Peter Henrici",
  title =        {{Applied and Computational Complex Analysis. {V}ol. 1}},
  publisher =    "Wiley",
  address =      "New York",
  year =         "1974",
  pages =        "xvi+637",
  ISBN =         "0-471-08703-3",
}


@Book{Tab,
  author =       "Anatoli\u{\i} P. Prudnikov and Yury A. Brychkov and
                 Oleg I. Marichev",
  title =        {{Integrals and Series. {V}ol. 1: {E}lementary
                 Functions}},
  publisher =    "Gordon \& Breach",
  address =      "New York",
  year =         "1986",
  pages =        "798",
  ISBN =         "2-88124-097-6",
}

@Book{Niel,
  author =       "Niels Nielsen",
  title =        "{H}andbuch der {T}heorie der {G}ammafunktion.",
  publisher =    "Teubner",
  address =      "Leipzig",
  year =         "1906",
}

@book {chal,
    AUTHOR = {Bornemann, Folkmar and Laurie, Dirk and Wagon, Stan and
              Waldvogel, J{\"o}rg},
     TITLE = {The {SIAM} {100-Digit Challenge: A Study in High-Accuracy Numerical Computing}},
 PUBLISHER = {(SIAM)},
   ADDRESS = {Philadelphia},
      YEAR = {2004},
     PAGES = {xii+306},
      ISBN = {0-89871-561-X},
}

@article {Hof,
    AUTHOR = {Hofbauer, Josef},
     TITLE = {A simple proof of {$1+\frac{1}{2\sp 2}+\frac{1}{3\sp
              2}+\dots=\frac{\pi\sp 2}{6}$}},
   JOURNAL = {Amer. Math. Monthly},
  FJOURNAL = {The American Mathematical Monthly},
    VOLUME = {109},
      YEAR = {2002},
    NUMBER = {2},
     PAGES = {196--200}
}


@book {Rudin,
    AUTHOR = {Rudin, Walter},
     TITLE = {Real and complex analysis},
   EDITION = {3rd},
 PUBLISHER = {McGraw-Hill},
   ADDRESS = {New York},
      YEAR = {1987},
}
